@misc{agus:2011,
    author = {Martín, Agustín},
    title = {Apuntes de transmisión del calor},
    year = {2011},
    publisher = {Universidad Politécnica de Madrid},
    urldate = {9-08-2022},
    url = {https://oa.upm.es/6935/1/amd-apuntes-triansmision-calor.pdf}
}

@book{rod:2017,
  author         = {Rodríguez, Ronald, Serala Alfaro and Jamanca, Nicodemo},
  editor         = {UNAB},
  title          = {Transferencia de Masa},
  year           = {2017},
  city           = {Lima},
  publisher      = {UNAB}
}

@book{cengel2011,
  author         = {Cengel, Yunus and Ghajar, Afshin},
  editor         = {Mc Graw-Hill},
  title          = {Transferencia de calor y masa},
  year           = {2011},
  city           = {México D.F.},
}